@article{nakamoto2008bitcoin,
  title={Bitcoin: A peer-to-peer electronic cash system},
  author={Nakamoto, Satoshi},
  year={2008}
}

@article{wood2014ethereum,
  title={Ethereum: A secure decentralised generalised transaction ledger},
  author={Wood, Gavin},
  journal={Ethereum Project Yellow Paper},
  year={2014}
}

@article{buterin2014ethereum,
  title={Ethereum white paper, 2014},
  author={Buterin, Vitalik and others},
  url={https://github.com/ethereum/wiki/wiki/White-Paper},
  year={2014}
}  

@inproceedings{dong2018bitforest,
  title={Bitforest: a Portable and Efficient Blockchain-Based Naming System},
  author={Dong, Yuhao and Kim, Woojung and Boutaba, Raouf},
  booktitle={2018 14th International Conference on Network and Service Management (CNSM)},
  pages={226--232},
  year={2018},
  organization={IEEE}
}

@article{kwon2014tendermint,
  title={Tendermint: Consensus without mining},
  author={Kwon, Jae},
  journal={Draft v. 0.6, fall},
  year={2014}
}

@inproceedings{tomescu2017catena,
  title={Catena: Efficient non-equivocation via bitcoin},
  author={Tomescu, Alin and Devadas, Srinivas},
  booktitle={2017 IEEE Symposium on Security and Privacy (SP)},
  pages={393--409},
  year={2017},
  organization={IEEE}
}


@article{buterin2017coordination,
  title={Engineering Security Through Coordination Problems},
  author={Buterin, Vitalik},
  url={https://vitalik.ca/general/2017/05/08/coordination_problems.html},
  year={2017}
}

@inproceedings{gilad2017algorand,
  title={Algorand: Scaling byzantine agreements for cryptocurrencies},
  author={Gilad, Yossi and Hemo, Rotem and Micali, Silvio and Vlachos, Georgios and Zeldovich, Nickolai},
  booktitle={Proceedings of the 26th Symposium on Operating Systems Principles},
  pages={51--68},
  year={2017},
  organization={ACM}
}

@article{dwork1988consensus,
  title={Consensus in the presence of partial synchrony},
  author={Dwork, Cynthia and Lynch, Nancy and Stockmeyer, Larry},
  journal={Journal of the ACM (JACM)},
  volume={35},
  number={2},
  pages={288--323},
  year={1988},
  publisher={ACM}
}


@online{buterin2019pos,
  title = {Ethereum Proof of Stake FAQ},
  year = {2019},
  url = {https://github.com/ethereum/wiki/wiki/Proof-of-Stake-FAQ},
  urldate = {2019-03-29}
}

@online{crypto51,
  title = {PoW 51\% Attack Cost},
  year = {2019},
  url = {https://www.crypto51.app/}, 
  urldat = {2019-06-22}
}

@online{eoscensor,
  title = {EOS' Blockchain Arbitrator Orders Freeze of 27 Accounts},
  year = {2018},
  url = {https://www.coindesk.com/eos-blockchain-arbitrator-orders-freeze-of-27-accounts},
  urldat = {2019-06-22}
}

@inproceedings{dong2019elasticoin,
  title={Elasticoin: Low-Volatility Cryptocurrency with Proofs of Sequential Work},
  author={Dong, Yuhao and Boutaba, Raouf},
  year={2019},
  publisher={IEEE},
  booktitle={IEEE International Conference on Blockchain and Cryptocurrency}
}


@online{zhihu2019votebuy,
  title = {The EOS supernode election: a national struggle worth ``hundreds of billions'' (in Chinese)},
  year = {2018},
  url = {https://zhuanlan.zhihu.com/p/34902188},
  urldate = {2019-04-01}
}

@inproceedings{cachin2016architecture,
  title={Architecture of the Hyperledger blockchain fabric},
  author={Cachin, Christian},
  booktitle={Workshop on Distributed Cryptocurrencies and Consensus Ledgers},
  year={2016}
}

@inproceedings{tomescu2017catena,
  title={Catena: Efficient non-equivocation via Bitcoin},
  author={Tomescu, Alin and Devadas, Srinivas},
  booktitle={IEEE Symp. on Security and Privacy},
  year={2017}
}

@article{wang11china,
  title={China's Chilling `Social Credit' Blacklist},
  author={Wang, Maya},
  journal={The Wall Street Journal},
  year={2017},
  volume={11}
}

@book{sunstein2018republic,
  title={Republic: Divided democracy in the age of social media},
  author={Sunstein, Cass R},
  year={2018},
  publisher={Princeton University Press}
}

@article{prins2011diginotar,
  title={Diginotar certificate authority breach `operation black tulip'},
  author={Prins, J Ronald and Cybercrime, Business Unit},
  journal={Fox-IT, November},
  year={2011}
}

@article{richardson2017ransomware,
  title={Ransomware: Evolution, mitigation and prevention},
  author={Richardson, Ronny and North, Max},
  journal={International Management Review},
  volume={13},
  number={1},
  pages={10--21},
  year={2017},
  publisher={American Scholars Press, Inc.}
}

@misc{securekey,
    title={Building Trusted Identity Networks},
    url={https://securekey.com/},
    author={SecureKey}
}

@misc{estonia,
    title={KSI Blockchain},
    url={https://e-estonia.com/solutions/security-and-safety/ksi-blockchain/},
    author={E-Estonia}
}
